%  a sample bibliography file
%  

@article{small,
author = {Freely, I.P.},
title = {A small paper},
journal = {The journal of small papers},
year = 1997,
volume = {-1},
note = {to appear},
}

@article{big,
author = {Jass, Hugh},
title = {A big paper},
journal = {The journal of big papers},
year = 7991,
volume = {MCMXCVII},
}

@article{twoauthors,
author = {AGuy and AnotherGuy},
title = {A great paper for sure},
journal = {The journal of great papers},
year = 1966,
volume = {MCMXCVII},
}

%  The authors mentioned here are almost, but not quite,
%  entirely unrelated to Matt Groening.

